@misc{xmap2015, 
  title={X-{M}ap Website},
  howpublished = {\url{http://x-map.work}},
}

@incollection{amatriain2009like,
  title={I like it... i like it not: Evaluating user ratings noise in recommender systems},
  author={Amatriain, Xavier and Pujol, Josep M and Oliver, Nuria},
  booktitle={UMAP},
  pages={247--258},
  year={2009}
}
@inproceedings{ali2004tivo,
  title={TiVo: making show recommendations using a distributed collaborative filtering architecture},
  author={Ali, Kamal and Van Stam, Wijnand},
  booktitle={SIGKDD},
  pages={394--401},
  year={2004}
}

@inproceedings{liu2010online,
  title={Online evolutionary collaborative filtering},
  author={Liu, Nathan N and Zhao, Min and Xiang, Evan and Yang, Qiang},
  booktitle={RecSys},
  pages={95--102},
  year={2010}
}

@inproceedings{ding2005time,
  title={Time weight collaborative filtering},
  author={Ding, Yi and Li, Xue},
  booktitle={CIKM},
  pages={485--492},
  year={2005}
}
@article{dwork2013algorithmic,
  title={The algorithmic foundations of differential privacy},
  author={Dwork, Cynthia and Roth, Aaron},
  journal={Theoretical Computer Science},
  volume={9},
  number={3-4},
  pages={211--407},
  year={2013}
}
@misc{l1norm, 
  author={Weisstein, Eric W},
  title={L1-Norm},
  howpublished = {\url{http://mathworld.wolfram.com/L1-Norm.html}},
}

@incollection{yang2013secure,
  title={Secure Cosine Similarity Computation with Malicious Adversaries},
  author={Yang, Dexin and Xu, Baolin and Yang, Bo and Wang, Jianping},
  booktitle={NetCom},
  pages={529--536},
  year={2013}
}
@article{kikuchi2010privacy,
  title={Privacy-preserving similarity evaluation and application to remote biometrics authentication},
  author={Kikuchi, Hiroaki and Nagai, Kei and Ogata, Wakaha and Nishigaki, Masakatsu},
  journal={Soft Computing},
  volume={14},
  number={5},
  pages={529--536},
  year={2010},
  publisher={Springer}
}
@article{zhang2014secure,
  title={Secure similarity coefficients computation for binary data and its extensions},
  author={Zhang, Bo and Zhang, Fangguo},
  journal={Concurrency and Computation: Practice and Experience},
  volume={26},
  number={5},
  pages={1023--1037},
  year={2014},
  publisher={Wiley Online Library}
}

@article{wong2013privacy,
  title={Privacy-preserving similarity coefficients for binary data},
  author={Wong, Kok-Seng and Kim, Myung Ho},
  journal={Computers \& Mathematics with Applications},
  volume={65},
  number={9},
  pages={1280--1290},
  year={2013},
  publisher={Elsevier}
}
@inproceedings{mcsherry2009differentially,
  title={Differentially private recommender systems: building privacy into the net},
  author={McSherry, Frank and Mironov, Ilya},
  booktitle={SIGKDD},
  pages={627--636},
  year={2009}
}

@inproceedings{adomavicius2005toward,
  title={Toward the next generation of recommender systems: A survey of the state-of-the-art and possible extensions},
  author={Adomavicius, Gediminas and Tuzhilin, Alexander},
  booktitle={TKDE},
  pages={734--749},
  year={2005}
}

@article{takacs2009scalable,
  title={Scalable collaborative filtering approaches for large recommender systems},
  author={Tak{\'a}cs, G{\'a}bor and Pil{\'a}szy, Istv{\'a}n and N{\'e}meth, Botty{\'a}n and Tikk, Domonkos},
  journal={The Journal of Machine Learning Research},
  volume={10},
  pages={623--656},
  year={2009},
  publisher={JMLR. org}
}
@article{dwork2011firm,
  title={A firm foundation for private data analysis},
  author={Dwork, Cynthia},
  journal={CACM},
  volume={54},
  number={1},
  pages={86--95},
  year={2011}
}
@article{zhu2014effective,
  title={An effective privacy preserving algorithm for neighborhood-based collaborative filtering},
  author={Zhu, Tianqing and Ren, Yongli and Zhou, Wanlei and Rong, Jia and Xiong, Ping},
  journal={Future Generation Computer Systems},
  volume={36},
  pages={142--155},
  year={2014},
  publisher={Elsevier}
}
@inproceedings{zhu2013differential,
  title={Differential privacy for neighborhood-based collaborative filtering},
  author={Zhu, Tianqing and Li, Gang and Ren, Yongli and Zhou, Wanlei and Xiong, Ping},
  booktitle={Asonam},
  pages={752--759},
  year={2013}
}
@article{sun2011pathsim,
  title={Pathsim: Meta path-based top-k similarity search in heterogeneous information networks},
  author={Sun, Yizhou and Han, Jiawei and Yan, Xifeng and Yu, Philip S and Wu, Tianyi},
  year={2011}
}
@article{ramakrishnan2001privacy,
  title={Privacy risks in recommender systems},
  author={Ramakrishnan, Naren and Keller, Benjamin J and Mirza, Batul J and Grama, Ananth Y and Karypis, George},
  journal={IEEE Internet Computing},
  number={6},
  pages={54--62},
  year={2001}
}
@article{ramakrishnan2001privacy_straddlers,
  title={Privacy Risks to Straddlers in Recommender Systems},
  author={Ramakrishnan, Naren and Keller, Benjamin J and Mirza, Batul J and Grama, Ananth Y and Karypis, George},
  year={2001},
  publisher={Citeseer}
}
@inproceedings{cappello2005grid,
  title={Grid'5000: A large scale and highly reconfigurable grid experimental testbed},
  author={Cappello, Franck and Caron, Eddy and Dayde, Michel and Desprez, Fr{\'e}d{\'e}ric and J{\'e}gou, Yvon and Primet, Pascale and Jeannot, Emmanuel and Lanteri, St{\'e}phane and Leduc, Julien and Melab, Nouredine and others},
  booktitle={Proceedings of the 6th IEEE/ACM International Workshop on Grid Computing},
  pages={99--106},
  year={2005},
  organization={IEEE Computer Society}
}
@inproceedings{boutet2014hyrec,
  title={HyRec: leveraging browsers for scalable recommenders},
  author={Boutet, Antoine and Frey, Davide and Guerraoui, Rachid and Kermarrec, Anne-Marie and Patra, Rhicheek},
  booktitle={Middleware},
  year={2014}
}
@article{hyndman2006another,
  title={Another look at measures of forecast accuracy},
  author={Hyndman, Rob J and Koehler, Anne B},
  journal={International journal of forecasting},
  volume={22},
  number={4},
  pages={679--688},
  year={2006},
  publisher={Elsevier}
}
@article{adamic2001search,
  title={Search in power-law networks},
  author={Adamic, Lada A and Lukose, Rajan M and Puniyani, Amit R and Huberman, Bernardo A},
  journal={Physical review E},
  volume={64},
  number={4},
  pages={046135},
  year={2001},
  publisher={APS}
}
@inproceedings{li2009can,
  title={Can Movies and Books Collaborate? Cross-Domain Collaborative Filtering for Sparsity Reduction.},
  author={Li, Bin and Yang, Qiang and Xue, Xiangyang},
  booktitle={IJCAI},
  year={2009}
}
@inproceedings{zhan2010privacy,
  title={Privacy-preserving collaborative recommender systems},
  author={Zhan, Justin and Hsieh, Chia-Lung and Wang, I-Cheng and Hsu, Tsan-Sheng and Liau, Churn-Jung and Wang, Da-Wei},
  booktitle={SMC},
  year={2010},
}

@article{winoto2008if,
  title={If you like the devil wears prada the book, will you also enjoy the devil wears prada the movie? a study of cross-domain recommendations},
  author={Winoto, Pinata and Tang, Tiffany},
  journal={New Generation Computing},
  volume={26},
  number={3},
  pages={209--225},
  year={2008},
  publisher={Springer}
}
@inproceedings{szomszor2008correlating,
  title={Correlating user profiles from multiple folksonomies},
  author={Szomszor, Martin N and Cantador, Iv{\'a}n and Alani, Harith},
  year={2008},
  booktitle={Hypertext}
}

@book{szomszor2008semantic,
  title={Semantic modelling of user interests based on cross-folksonomy analysis},
  author={Szomszor, Martin and Alani, Harith and Cantador, Ivan and O'Hara, Kieron and Shadbolt, Nigel},
  year={2008},
  publisher={Springer}
}

@inproceedings{nakatsuji2010recommendations,
  title={Recommendations Over Domain Specific User Graphs.},
  author={Nakatsuji, Makoto and Fujiwara, Yasuhiro and Tanaka, Akimichi and Uchiyama, Tadasu and Ishida, Toru},
  booktitle={ECAI},
  year={2010}
}


@incollection{loni2014cross,
  title={Cross-domain collaborative filtering with factorization machines},
  author={Loni, Babak and Shi, Yue and Larson, Martha and Hanjalic, Alan},
  booktitle={ECIR},
  year={2014},
}

@inproceedings{cantador2013relating,
  title={Relating Personality Types with User Preferences in Multiple Entertainment Domains.},
  author={Cantador, Iv{\'a}n and Fern{\'a}ndez-Tob{\'\i}as, Ignacio and Bellog{\'\i}n, Alejandro and Kosinski, Michal and Stillwell, David},
  booktitle={UMAP Workshops},
  year={2013},
}
@article{eichhorn1997cyberspace,
  title={Cyberspace cross-selling},
  author={Eichhorn, Ole and Helleis, Sylvia},
  journal={Credit Union Management},
  volume={20},
  number={9},
  pages={28},
  year={1997}
}
@inproceedings{carmagnola2011user,
  title={User model interoperability: a survey},
  author={Carmagnola, Francesca and Cena, Federica and Gena, Cristina},
  booktitle={UMUAI},
  year={2011},
}

@article{carmagnola2009user,
  title={User identification for cross-system personalisation},
  author={Carmagnola, Francesca and Cena, Federica},
  journal={Information Sciences},
  volume={179},
  number={1},
  pages={16--32},
  year={2009},
  publisher={Elsevier}
}

@incollection{schafer2007collaborative,
  title={Collaborative filtering recommender systems},
  author={Schafer, J Ben and Frankowski, Dan and Herlocker, Jon and Sen, Shilad},
  booktitle={The adaptive web},
  pages={291--324},
  year={2007},
  publisher={Springer}
}

@inproceedings{ungar1998clustering,
  title={Clustering methods for collaborative filtering},
  author={Ungar, Lyle H and Foster, Dean P},
  booktitle={AAAI workshop on recommendation systems},
  volume={1},
  year={1998}
}

@inproceedings{kohrs1999clustering,
  title={Clustering for collaborative filtering applications},
  author={Kohrs, Arnd and Merialdo, Bernard},
  booktitle={CIMCA},
  year={1999},
}

@inproceedings{hofmann1999latent,
  title={Latent class models for collaborative filtering},
  author={Hofmann, Thomas and Puzicha, Jan},
  booktitle={IJCAI},
  year={1999}
}

@inproceedings{soboroff2000collaborative,
  title={Collaborative filtering and the generalized vector space model (poster session)},
  author={Soboroff, Ian and Nicholas, Charles},
  year={2000},
  booktitle={SIGIR}
}

@article{krishnaprasad2001uses,
  title={Uses and abuses of Amdahl's law},
  author={Krishnaprasad, S},
  journal={In Journal of Computing Sciences in Colleges},
  year={2001}
}
@inproceedings{mcsherry2007mechanism,
  title={Mechanism design via differential privacy},
  author={McSherry, Frank and Talwar, Kunal},
  booktitle={FOCS},
  pages={94--103},
  year={2007}
}

@inproceedings{bonett2001personalization,
  title={Personalization of web services: opportunities and challenges},
  author={Bonett, Monica},
  booktitle={Ariadne},
  year={2001}
}
@incollection{dwork2006calibrating,
  title={Calibrating noise to sensitivity in private data analysis},
  author={Dwork, Cynthia and McSherry, Frank and Nissim, Kobbi and Smith, Adam},
  booktitle={Theory of cryptography},
  pages={265--284},
  year={2006},
  publisher={Springer}
}
@inproceedings{resnick1994grouplens,
  title={GroupLens: an open architecture for collaborative filtering of netnews},
  author={Resnick, Paul and Iacovou, Neophytos and Suchak, Mitesh and Bergstrom, Peter and Riedl, John},
  year={1994},
  booktitle={CSCW}
}

@inproceedings{su2009survey,
  title={A survey of collaborative filtering techniques},
  author={Su, Xiaoyuan and Khoshgoftaar, Taghi M},
  booktitle={AAI},
  year={2009}
}

@inproceedings{cremonesi2014cross,
  title={Cross-domain recommendations without overlapping data: myth or reality?},
  author={Cremonesi, Paolo and Quadrana, Massimo},
  year={2014},
  booktitle={RecSys}
}

@inproceedings{dean2008mapreduce,
  title={MapReduce: simplified data processing on large clusters},
  author={Dean, Jeffrey and Ghemawat, Sanjay},
  year={2008},
  booktitle={CACM}
}

@inproceedings{cremonesi2011cross,
  title={Cross-domain recommender systems},
  author={Cremonesi, Paolo and Tripodi, Antonio and Turrin, Roberto},
  year={2011},
  booktitle={ICDMW}
}

@inproceedings{baltrunas2009context,
  title={Context-based splitting of item ratings in collaborative filtering},
  author={Baltrunas, Linas and Ricci, Francesco},
  year={2009},
  booktitle={RecSys}
}

@inproceedings{lemire2005slope,
  title={Slope One Predictors for Online Rating-Based Collaborative Filtering.},
  author={Lemire, Daniel and Maclachlan, Anna},
  year={2005},
  booktitle={SIAM}
}

@inproceedings{mcauley2013hidden,
  title={Hidden factors and hidden topics: understanding rating dimensions with review text},
  author={McAuley, Julian and Leskovec, Jure},
  year={2013},
  booktitle={RecSys}
}

@article{newman2005power,
  title={Power laws, Pareto distributions and Zipf's law},
  author={Newman, Mark EJ},
  journal={Contemporary physics},
  year={2005}
}

@book{jannach2010recommender,
  title={Recommender systems: an introduction},
  author={Jannach, Dietmar and Zanker, Markus and Felfernig, Alexander and Friedrich, Gerhard},
  year={2010},
  publisher={Cambridge University Press}
}
@inproceedings{breese1998empirical,
  title={Empirical analysis of predictive algorithms for collaborative filtering},
  author={Breese, John S and Heckerman, David and Kadie, Carl},
  year={1998},
  booktitle={UAI}
}
@inproceedings{herlocker1999algorithmic,
  title={An algorithmic framework for performing collaborative filtering},
  author={Herlocker, Jonathan L and Konstan, Joseph A and Borchers, Al and Riedl, John},
  year={1999},
  booktitle={SIGIR}
}
@inproceedings{shardanand1995social,
  title={Social information filtering: algorithms for automating a word of mouth},
  author={Shardanand, Upendra and Maes, Pattie},
  year={1995},
  booktitle={SIGCHI}
}

@phdthesis{loizou2009recommend,
  title={How to recommend music to film buffs},
  author={Loizou, Antonis},
  year={2009},
  school={UNIVERSITY OF SOUTHAMPTON}
}

@inproceedings{gonzalez2005multi,
  title={A multi-agent smart user model for cross-domain recommender systems},
  author={Gonz{\'a}lez, Gustavo and L{\'o}pez, Beatriz and de la Rosa, Josep Llu{\'\i}s},
  year={2005},
  booktitle={Beyond Personalization}
}

@incollection{kook2005profiling,
  title={Profiling multiple domains of user interests and using them for personalized web support},
  author={Kook, Hyung Joon},
  booktitle={Advances in Intelligent Computing},
  pages={512--520},
  year={2005},
  publisher={Springer}
}



@incollection{berkovsky2007cross,
  title={Cross-domain mediation in collaborative filtering},
  author={Berkovsky, Shlomo and Kuflik, Tsvi and Ricci, Francesco},
  booktitle={User Modeling},
  pages={355--359},
  year={2007},
  publisher={Springer}
}

@inproceedings{tuffield2006semantic,
  title={The semantic logger: Supporting service building from personal context},
  author={Tuffield, Mischa M and Loizou, Antonis and Dupplaw, David},
  year={2006},
  booktitle={CARPE}
}

@article{guerraoui2015d2p,
  title={D2P: Distance-Based Differential Privacy in Recommenders},
  author={Guerraoui, Rachid and Kermarrec, Anne-Marie and Patra, Rhicheek and Taziki, Mahsa},
  journal={PVLDB},
  volume={8},
  number={8},
  year={2015}
}

@inproceedings{berkovsky2007distributed,
  title={Distributed collaborative filtering with domain specialization},
  author={Berkovsky, Shlomo and Kuflik, Tsvi and Ricci, Francesco},
  year={2007},
  booktitle={RecSys}
}

@inproceedings{shi2011tags,
  title={Tags as bridges between domains: Improving recommendation with tag-induced cross-domain collaborative filtering},
  author={Shi, Yue and Larson, Martha and Hanjalic, Alan},
  year={2011},
  booktitle={UMAP}
}

@inproceedings{sarwar2001item,
  title={Item-based collaborative filtering recommendation algorithms},
  author={Sarwar, Badrul and Karypis, George and Konstan, Joseph and Riedl, John},
  year={2001},
  booktitle={WWW}
}

@inproceedings{shapira2013facebook,
  title={Facebook single and cross domain data for recommendation systems},
  author={Shapira, Bracha and Rokach, Lior and Freilikhman, Shirley},
  year={2013},
  booktitle={UMUAI}
}

@inproceedings{stewart2009cross,
  title={Cross-tagging for personalized open social networking},
  author={Stewart, Avar{\'e} and Diaz-Aviles, Ernesto and Nejdl, Wolfgang and Marinho, Leandro Balby and Nanopoulos, Alexandros and Schmidt-Thieme, Lars},
  year={2009},
  booktitle={Hypertext}
}

@inproceedings{tiroshi2012domain,
  title={Domain ranking for cross domain collaborative filtering},
  author={Tiroshi, Amit and Kuflik, Tsvi},
  year={2012},
  booktitle={UMAP}
}
